% Encoding: UTF-8

@Manual{ControlGroupV2,
  author   = {Tejun Heo},
  title    = {Control Group v2},
  year     = {2015},
  language = {Englisch},
  type     = {techreport},
}

@Book{Docker:up&Running:ShippingReliableContainersinProduction,
  author       = {Karl Matthias and Sean P. Kane},
  title        = {Docker: Up \& Running: Shipping Reliable Containers in Production},
  year         = {2015},
  origlanguage = {Englisch},
  publisher    = {O'Reilly Media},
  isbn         = {978-1-491-91757-2},
}

@Online{BuildingMinimalContainers,
  author       = {Brian "Readbeard" Harrington},
  title        = {Building minimal Containers},
  year         = {2015},
  date         = {2015-07-31},
  url          = {https://github.com/brianredbeard/minimal_containers},
  subtitle     = {Getting Weird with Containers},
  organization = {CoreOS},
}

@Online{ContainersfromScratch,
  author = {Eric Chiang},
  title  = {Containers from Scratch},
  date   = {2017-06-06},
  url    = {https://ericchiang.github.io/post/containers-from-scratch/},
}

@Online{OpenContainerInitiative,
  author = {{Open Container Initiative}},
  title  = {Open Container Initiative},
  year   = {2016},
  date   = {2018-03-09},
  url    = {https://www.opencontainers.org/},
}

@Conference{TheOpenContainerEssentialsVideoCollection,
  author          = {Rachel Roumeliotis},
  title           = {The Open Container Essentials Video Collection},
  booktitle       = {O'Reilly Open-Source Conference},
  date            = {2016-07-01},
  eventtitleaddon = {OSCON - Open Source Conference},
  organization    = {O'Reilly Media, Inc.},
  isbn            = {9781491968253},
}

@Online{DockerSecurity,
  author = {{Docker Inc.}},
  title  = {Docker security},
  year   = {2018},
  url    = {https://docs.docker.com/engine/security/security/},
}

@Online{CreateLightweigthContainerswithBuildroot,
  author = {Jérôme Petazzoni},
  title  = {Create Lightweigth Containers with Buildroot},
  date   = {2013-06-28},
  url    = {https://blog.docker.com/2013/06/create-light-weight-docker-containers-buildroot/},
}

@Manual{Chroot1LinuxManualPage,
  author = {Roland McGrath},
  title  = {chroot(1) - Linux Manual Page},
  date   = {2017-12-06},
}

@Online{CNCFCloudNativeInteractiveLandscape,
  author = {CNCF},
  title  = {CNCF Cloud Native Interactive Landscape},
  date   = {2018-03-21},
  url    = {https://landscape.cncf.io/},
}

@Online{CloudNativeComputingFoundation,
  author = {CNCF},
  title  = {Cloud Native Computing Foundation},
  year   = {2017},
  url    = {https://www.cncf.io/},
}

@Online{MakingSenseofContainerStandardsandFoundations:OCICNCFAppcandRkt,
  author       = {Alex Polvi},
  title        = {Making Sense of Container Standards and Foundations: OCI, CNCF, appc and rkt},
  date         = {2015-12-08},
  url          = {https://coreos.com/blog/making-sense-of-standards.html},
  organization = {CoreOS},
}

@Online{AppContainer,
  author = {Simone Gotti; Luca Bruno; Iago López Galeiras; Derek Gonyeo; Alban Crequy},
  title  = {App Container},
  date   = {2018-01-24},
  url    = {https://github.com/appc},
}

@Manual{Namespaces7LinuxManualPage,
  author = {Michael Kerrisk; Eric W. Biederman},
  title  = {namespaces(7) - Linux Manual Page},
  date   = {2017-09-15},
}

@Manual{Mount8LinxManualPage,
  author = {Karel Zak},
  title  = {mount(8) - Linx Manual Page},
  year   = {2015},
}

@Book{TheDebianAdministratorsHandbookDebianJessiefromDiscoverytoMastery,
  author    = {Raphaël Hertzog; Roland Mas},
  title     = {The Debian Administrator's Handbook, Debian Jessie from Discovery to Mastery},
  year      = {2015},
  publisher = {Freexian},
  isbn      = {9791091414043},
  pages     = {389-402},
}

@Manual{Cgroups7LinuxManualPage,
  author = {Serge Hallyn; Michael Kerrisk},
  title  = {cgroups(7) - Linux Manual Page},
  date   = {2018-02-02},
}

@Manual{Rkt1.29.0Documentation,
  author = {{Core OS}},
  title  = {rkt 1.29.0 Documentation},
  date   = {2017-09-28},
  url    = {https://coreos.com/rkt/docs/latest/},
}

@Manual{DockerDocumentation,
  author = {{Docker Inc.}},
  title  = {Docker Documentation},
  year   = {2018},
  url    = {https://docs.docker.com/},
}

@Manual{Capabilities7LinuxManualPage,
  author = {Michael Kerrisk},
  title  = {capabilities(7) - Linux manual page},
  date   = {2018-02-02},
}

@Online{DeepDiveintoWindowsServerContainersandDocker,
  author = {Cornell Knulst},
  title  = {Deep dive into Windows Server Containers and Docker},
  date   = {2016-11-17},
  url    = {http://blog.xebia.com/deep-dive-into-windows-server-containers-and-docker-part-1-why-should-we-care/},
}

@Online{ContainersinWindowsServerHyperVandAzure,
  author = {Mark Russinovich},
  editor = {Microsoft Mechanic},
  title  = {Containers in Windows Server, Hyper-V and Azure},
  date   = {2015-10-28},
  url    = {https://www.youtube.com/watch?v=YoA_MMlGPRc},
}

@Online{DirtyCOWCVE20165195,
  author = {Phil Oester},
  title  = {Dirty COW (CVE-2016-5195)},
  year   = {2016},
  url    = {https://dirtycow.ninja/},
}

@Online{ABriefHistoryofContainers:fromthe1970sto2017,
  author = {Rani Osnat},
  title  = {A Brief History of Containers: From the 1970s to 2017},
  date   = {2018-03-21},
  url    = {https://blog.aquasec.com/a-brief-history-of-containers-from-1970s-chroot-to-docker-2016},
}

@Book{FreeBSDHandbook,
  author  = {{The FreeBSD Documentation Project}},
  title   = {FreeBSD Handbook},
  date    = {2018-03-25},
  chapter = {14. Jails},
  url     = {https://www.freebsd.org/doc/en_US.ISO8859-1/books/handbook/index.html},
  urldate = {2018-04-09},
}

@Manual{PaperLinuxVServer,
  author = {Herbert Pötzl},
  title  = {Paper - Linux-VServer},
  year   = {2011},
}

@Manual{Lxc7LinuxManualPage,
  author  = {Daniel Lezcano; Christian Brauner; Serge Hallyn; Stéphane Graber},
  title   = {lxc(7) - Linux manual page},
  year    = {2018},
  url     = {https://linuxcontainers.org/lxc/manpages//man7/lxc.7.html},
  urldate = {2018-04-09},
}

@InProceedings{ContainersatScale,
  author    = {Joe Beda},
  title     = {Containers at Scale},
  booktitle = {GlueCon 2014},
  year      = {2014},
  url       = {https://speakerdeck.com/jbeda/containers-at-scale},
  urldate   = {2018-04-11},
}

@Online{DockerErkundenGoogleTrends,
  author = {Google},
  title  = {Docker - Erkunden - Google Trends},
  year   = {2018},
  url    = {https://trends.google.de/trends/explore?date=today%205-y&q=Docker},
}

@Comment{jabref-meta: databaseType:biblatex;}
